<record><leader>00000cas a22000007a 4500</leader><controlfield tag="001">15710112</controlfield><controlfield tag="008">870519c19869999mducr ne      0    0eng  </controlfield><controlfield tag="009">466</controlfield><datafield ind1=" " ind2=" " tag="010"><subfield code="a">sn 87062188 </subfield></datafield><datafield ind1=" " ind2=" " tag="040"><subfield code="a">DLC</subfield><subfield code="b">eng</subfield><subfield code="c">DLC</subfield><subfield code="d">MFN</subfield><subfield code="d">DLC</subfield></datafield><datafield ind1=" " ind2=" " tag="042"><subfield code="a">msc</subfield></datafield><datafield ind1="0" ind2=" " tag="130"><subfield code="a">Recorder (Prince Frederick, Md.)</subfield></datafield><datafield ind1="0" ind2="4" tag="245"><subfield code="a">The recorder.</subfield></datafield><datafield ind1="0" ind2="7" tag="246"><subfield code="a">Calvert County recorder</subfield></datafield><datafield ind1=" " ind2=" " tag="260"><subfield code="a">Prince Frederick, Md. :</subfield><subfield code="b">Ralph Martin,</subfield></datafield><datafield ind1=" " ind2=" " tag="300"><subfield code="a">v.</subfield></datafield><datafield ind1=" " ind2=" " tag="310"><subfield code="a">Semiweekly</subfield></datafield><datafield ind1="0" ind2=" " tag="362"><subfield code="a">Apr. 16, 1986-</subfield></datafield><datafield ind1=" " ind2=" " tag="752"><subfield code="a">United States</subfield><subfield code="b">Maryland</subfield><subfield code="c">Calvert</subfield><subfield code="d">Prince Frederick.</subfield></datafield><datafield ind1="0" ind2="0" tag="780"><subfield code="t">Calvert County recorder</subfield><subfield code="w">(DLC)sn 90057246</subfield></datafield></record>